@book{Alred03,
	author = "G. J. Alred and C. T. Brusaw and W. E. Oliu", 
	title  = "Handbook of Technical Writing", 
	publisher= "St. Martin's", 
	address= "New York", 
	year   = "2003 (seventh edition)"	}
